[
    {
        "id": 238128344,
        "price": "0.00856100",
        "qty": "4.64000000",
        "quoteQty": "0.03972304",
        "time": 1711893020611,
        "isBuyerMaker": false,
        "isBestMatch": true
    },
    {
        "id": 238128345,
        "price": "0.00856100",
        "qty": "0.08300000",
        "quoteQty": "0.00071056",
        "time": 1711893021291,
        "isBuyerMaker": false,
        "isBestMatch": true
    },
    {
        "id": 238128346,
        "price": "0.00856100",
        "qty": "0.12300000",
        "quoteQty": "0.00105300",
        "time": 1711893022701,
        "isBuyerMaker": true,
        "isBestMatch": true
    },
    {
        "id": 238128347,
        "price": "0.00856100",
        "qty": "1.04900000",
        "quoteQty": "0.00898048",
        "time": 1711893022752,
        "isBuyerMaker": true,
        "isBestMatch": true
    },
    {
        "id": 238128348,
        "price": "0.00856100",
        "qty": "1.43100000",
        "quoteQty": "0.01225079",
        "time": 1711893022752,
        "isBuyerMaker": true,
        "isBestMatch": true
    },
    {
        "id": 238128349,
        "price": "0.00856100",
        "qty": "0.89800000",
        "quoteQty": "0.00768777",
        "time": 1711893022753,
        "isBuyerMaker": true,
        "isBestMatch": true
    },
    {
        "id": 238128350,
        "price": "0.00856100",
        "qty": "1.58200000",
        "quoteQty": "0.01354350",
        "time": 1711893022753,
        "isBuyerMaker": true,
        "isBestMatch": true
    },
    {
        "id": 238128351,
        "price": "0.00856100",
        "qty": "0.73800000",
        "quoteQty": "0.00631801",
        "time": 1711893022753,
        "isBuyerMaker": true,
        "isBestMatch": true
    },
    {
        "id": 238128352,
        "price": "0.00856100",
        "qty": "1.17700000",
        "quoteQty": "0.01007629",
        "time": 1711893022753,
        "isBuyerMaker": true,
        "isBestMatch": true
    },
    {
        "id": 238128353,
        "price": "0.00856100",
        "qty": "2.56600000",
        "quoteQty": "0.02196752",
        "time": 1711893022753,
        "isBuyerMaker": true,
        "isBestMatch": true
    },
    {
        "id": 238128354,
        "price": "0.00856000",
        "qty": "1.17200000",
        "quoteQty": "0.01003232",
        "time": 1711893022753,
        "isBuyerMaker": true,
        "isBestMatch": true
    },
    {
        "id": 238128355,
        "price": "0.00856000",
        "qty": "2.16400000",
        "quoteQty": "0.01852384",
        "time": 1711893022753,
        "isBuyerMaker": true,
        "isBestMatch": true
    },
    {
        "id": 238128356,
        "price": "0.00856000",
        "qty": "1.03400000",
        "quoteQty": "0.00885104",
        "time": 1711893022753,
        "isBuyerMaker": true,
        "isBestMatch": true
    },
    {
        "id": 238128357,
        "price": "0.00856000",
        "qty": "0.04700000",
        "quoteQty": "0.00040232",
        "time": 1711893026490,
        "isBuyerMaker": false,
        "isBestMatch": true
    },
    {
        "id": 238128358,
        "price": "0.00855900",
        "qty": "0.02300000",
        "quoteQty": "0.00019685",
        "time": 1711893026590,
        "isBuyerMaker": true,
        "isBestMatch": true
    },
    {
        "id": 238128359,
        "price": "0.00856000",
        "qty": "0.12400000",
        "quoteQty": "0.00106144",
        "time": 1711893030671,
        "isBuyerMaker": false,
        "isBestMatch": true
    },
    {
        "id": 238128360,
        "price": "0.00856000",
        "qty": "0.26700000",
        "quoteQty": "0.00228552",
        "time": 1711893030902,
        "isBuyerMaker": false,
        "isBestMatch": true
    },
    {
        "id": 238128361,
        "price": "0.00855900",
        "qty": "3.02500000",
        "quoteQty": "0.02589097",
        "time": 1711893039629,
        "isBuyerMaker": true,
        "isBestMatch": true
    },
    {
        "id": 238128362,
        "price": "0.00855900",
        "qty": "0.21800000",
        "quoteQty": "0.00186586",
        "time": 1711893039629,
        "isBuyerMaker": true,
        "isBestMatch": true
    },
    {
        "id": 238128363,
        "price": "0.00855900",
        "qty": "1.17300000",
        "quoteQty": "0.01003970",
        "time": 1711893039629,
        "isBuyerMaker": true,
        "isBestMatch": true
    },
    {
        "id": 238128364,
        "price": "0.00855900",
        "qty": "1.15100000",
        "quoteQty": "0.00985140",
        "time": 1711893039629,
        "isBuyerMaker": true,
        "isBestMatch": true
    },
    {
        "id": 238128365,
        "price": "0.00855900",
        "qty": "0.47500000",
        "quoteQty": "0.00406552",
        "time": 1711893039629,
        "isBuyerMaker": true,
        "isBestMatch": true
    },
    {
        "id": 238128366,
        "price": "0.00856100",
        "qty": "0.14900000",
        "quoteQty": "0.00127558",
        "time": 1711893045392,
        "isBuyerMaker": false,
        "isBestMatch": true
    },
    {
        "id": 238128367,
        "price": "0.00856100",
        "qty": "0.88700000",
        "quoteQty": "0.00759360",
        "time": 1711893045392,
        "isBuyerMaker": false,
        "isBestMatch": true
    },
    {
        "id": 238128368,
        "price": "0.00856000",
        "qty": "0.41100000",
        "quoteQty": "0.00351816",
        "time": 1711893046105,
        "isBuyerMaker": true,
        "isBestMatch": true
    },
    {
        "id": 238128369,
        "price": "0.00856000",
        "qty": "1.21400000",
        "quoteQty": "0.01039184",
        "time": 1711893046105,
        "isBuyerMaker": true,
        "isBestMatch": true
    },
    {
        "id": 238128370,
        "price": "0.00856000",
        "qty": "0.56800000",
        "quoteQty": "0.00486208",
        "time": 1711893046105,
        "isBuyerMaker": true,
        "isBestMatch": true
    },
    {
        "id": 238128371,
        "price": "0.00856000",
        "qty": "1.72900000",
        "quoteQty": "0.01480024",
        "time": 1711893046105,
        "isBuyerMaker": true,
        "isBestMatch": true
    },
    {
        "id": 238128372,
        "price": "0.00856000",
        "qty": "0.28000000",
        "quoteQty": "0.00239680",
        "time": 1711893046105,
        "isBuyerMaker": true,
        "isBestMatch": true
    },
    {
        "id": 238128373,
        "price": "0.00855900",
        "qty": "0.87300000",
        "quoteQty": "0.00747200",
        "time": 1711893046105,
        "isBuyerMaker": true,
        "isBestMatch": true
    },
    {
        "id": 238128374,
        "price": "0.00855900",
        "qty": "0.41100000",
        "quoteQty": "0.00351774",
        "time": 1711893046105,
        "isBuyerMaker": true,
        "isBestMatch": true
    },
    {
        "id": 238128375,
        "price": "0.00855900",
        "qty": "0.55200000",
        "quoteQty": "0.00472456",
        "time": 1711893046105,
        "isBuyerMaker": true,
        "isBestMatch": true
    },
    {
        "id": 238128376,
        "price": "0.00856100",
        "qty": "0.04500000",
        "quoteQty": "0.00038524",
        "time": 1711893054636,
        "isBuyerMaker": false,
        "isBestMatch": true
    },
    {
        "id": 238128377,
        "price": "0.00856100",
        "qty": "0.09100000",
        "quoteQty": "0.00077905",
        "time": 1711893060211,
        "isBuyerMaker": false,
        "isBestMatch": true
    },
    {
        "id": 238128378,
        "price": "0.00856100",
        "qty": "0.00800000",
        "quoteQty": "0.00006848",
        "time": 1711893060211,
        "isBuyerMaker": false,
        "isBestMatch": true
    },
    {
        "id": 238128379,
        "price": "0.00856100",
        "qty": "0.07200000",
        "quoteQty": "0.00061639",
        "time": 1711893066235,
        "isBuyerMaker": false,
        "isBestMatch": true
    },
    {
        "id": 238128380,
        "price": "0.00856000",
        "qty": "0.76200000",
        "quoteQty": "0.00652272",
        "time": 1711893071545,
        "isBuyerMaker": true,
        "isBestMatch": true
    },
    {
        "id": 238128381,
        "price": "0.00856000",
        "qty": "0.66500000",
        "quoteQty": "0.00569240",
        "time": 1711893071545,
        "isBuyerMaker": true,
        "isBestMatch": true
    },
    {
        "id": 238128382,
        "price": "0.00856100",
        "qty": "0.34900000",
        "quoteQty": "0.00298778",
        "time": 1711893072940,
        "isBuyerMaker": false,
        "isBestMatch": true
    },
    {
        "id": 238128383,
        "price": "0.00856100",
        "qty": "0.01900000",
        "quoteQty": "0.00016265",
        "time": 1711893075778,
        "isBuyerMaker": false,
        "isBestMatch": true
    },
    {
        "id": 238128384,
        "price": "0.00856000",
        "qty": "0.85300000",
        "quoteQty": "0.00730168",
        "time": 1711893076033,
        "isBuyerMaker": true,
        "isBestMatch": true
    },
    {
        "id": 238128385,
        "price": "0.00856000",
        "qty": "1.44500000",
        "quoteQty": "0.01236920",
        "time": 1711893076033,
        "isBuyerMaker": true,
        "isBestMatch": true
    },
    {
        "id": 238128386,
        "price": "0.00856000",
        "qty": "0.18400000",
        "quoteQty": "0.00157504",
        "time": 1711893076033,
        "isBuyerMaker": true,
        "isBestMatch": true
    },
    {
        "id": 238128387,
        "price": "0.00856000",
        "qty": "0.87800000",
        "quoteQty": "0.00751568",
        "time": 1711893076033,
        "isBuyerMaker": true,
        "isBestMatch": true
    },
    {
        "id": 238128388,
        "price": "0.00856000",
        "qty": "0.99400000",
        "quoteQty": "0.00850864",
        "time": 1711893076033,
        "isBuyerMaker": true,
        "isBestMatch": true
    },
    {
        "id": 238128389,
        "price": "0.00855900",
        "qty": "0.27100000",
        "quoteQty": "0.00231948",
        "time": 1711893077089,
        "isBuyerMaker": true,
        "isBestMatch": true
    },
    {
        "id": 238128390,
        "price": "0.00855900",
        "qty": "2.03700000",
        "quoteQty": "0.01743468",
        "time": 1711893077089,
        "isBuyerMaker": true,
        "isBestMatch": true
    },
    {
        "id": 238128391,
        "price": "0.00855900",
        "qty": "0.60100000",
        "quoteQty": "0.00514395",
        "time": 1711893078727,
        "isBuyerMaker": true,
        "isBestMatch": true
    },
    {
        "id": 238128392,
        "price": "0.00855900",
        "qty": "0.44700000",
        "quoteQty": "0.00382587",
        "time": 1711893078727,
        "isBuyerMaker": true,
        "isBestMatch": true
    },
    {
        "id": 238128393,
        "price": "0.00855800",
        "qty": "0.62000000",
        "quoteQty": "0.00530596",
        "time": 1711893078727,
        "isBuyerMaker": true,
        "isBestMatch": true
    },
    {
        "id": 238128394,
        "price": "0.00855900",
        "qty": "0.54900000",
        "quoteQty": "0.00469889",
        "time": 1711893091533,
        "isBuyerMaker": false,
        "isBestMatch": true
    },
    {
        "id": 238128395,
        "price": "0.00855900",
        "qty": "0.49000000",
        "quoteQty": "0.00419391",
        "time": 1711893093088,
        "isBuyerMaker": false,
        "isBestMatch": true
    },
    {
        "id": 238128396,
        "price": "0.00855900",
        "qty": "0.13400000",
        "quoteQty": "0.00114690",
        "time": 1711893098588,
        "isBuyerMaker": false,
        "isBestMatch": true
    },
    {
        "id": 238128397,
        "price": "0.00855900",
        "qty": "0.38300000",
        "quoteQty": "0.00327809",
        "time": 1711893098588,
        "isBuyerMaker": false,
        "isBestMatch": true
    },
    {
        "id": 238128398,
        "price": "0.00855900",
        "qty": "0.54900000",
        "quoteQty": "0.00469889",
        "time": 1711893098588,
        "isBuyerMaker": false,
        "isBestMatch": true
    },
    {
        "id": 238128399,
        "price": "0.00855900",
        "qty": "0.49000000",
        "quoteQty": "0.00419391",
        "time": 1711893098588,
        "isBuyerMaker": false,
        "isBestMatch": true
    },
    {
        "id": 238128400,
        "price": "0.00855900",
        "qty": "0.77700000",
        "quoteQty": "0.00665034",
        "time": 1711893098588,
        "isBuyerMaker": false,
        "isBestMatch": true
    },
    {
        "id": 238128401,
        "price": "0.00856000",
        "qty": "0.17500000",
        "quoteQty": "0.00149800",
        "time": 1711893101338,
        "isBuyerMaker": false,
        "isBestMatch": true
    },
    {
        "id": 238128402,
        "price": "0.00856000",
        "qty": "0.31700000",
        "quoteQty": "0.00271352",
        "time": 1711893112971,
        "isBuyerMaker": false,
        "isBestMatch": true
    },
    {
        "id": 238128403,
        "price": "0.00856000",
        "qty": "0.07100000",
        "quoteQty": "0.00060776",
        "time": 1711893118989,
        "isBuyerMaker": false,
        "isBestMatch": true
    },
    {
        "id": 238128404,
        "price": "0.00856000",
        "qty": "0.61000000",
        "quoteQty": "0.00522160",
        "time": 1711893119188,
        "isBuyerMaker": false,
        "isBestMatch": true
    },
    {
        "id": 238128405,
        "price": "0.00856000",
        "qty": "0.52500000",
        "quoteQty": "0.00449400",
        "time": 1711893120146,
        "isBuyerMaker": true,
        "isBestMatch": true
    },
    {
        "id": 238128406,
        "price": "0.00856000",
        "qty": "0.10100000",
        "quoteQty": "0.00086456",
        "time": 1711893120146,
        "isBuyerMaker": true,
        "isBestMatch": true
    },
    {
        "id": 238128407,
        "price": "0.00856000",
        "qty": "0.26900000",
        "quoteQty": "0.00230264",
        "time": 1711893121998,
        "isBuyerMaker": true,
        "isBestMatch": true
    },
    {
        "id": 238128408,
        "price": "0.00856100",
        "qty": "0.05300000",
        "quoteQty": "0.00045373",
        "time": 1711893126101,
        "isBuyerMaker": false,
        "isBestMatch": true
    },
    {
        "id": 238128409,
        "price": "0.00856100",
        "qty": "0.03400000",
        "quoteQty": "0.00029107",
        "time": 1711893126690,
        "isBuyerMaker": false,
        "isBestMatch": true
    },
    {
        "id": 238128410,
        "price": "0.00856100",
        "qty": "0.33100000",
        "quoteQty": "0.00283369",
        "time": 1711893131311,
        "isBuyerMaker": false,
        "isBestMatch": true
    },
    {
        "id": 238128411,
        "price": "0.00856100",
        "qty": "0.02900000",
        "quoteQty": "0.00024826",
        "time": 1711893138988,
        "isBuyerMaker": false,
        "isBestMatch": true
    },
    {
        "id": 238128412,
        "price": "0.00856100",
        "qty": "0.08200000",
        "quoteQty": "0.00070200",
        "time": 1711893144810,
        "isBuyerMaker": false,
        "isBestMatch": true
    },
    {
        "id": 238128413,
        "price": "0.00856100",
        "qty": "0.06000000",
        "quoteQty": "0.00051366",
        "time": 1711893145400,
        "isBuyerMaker": false,
        "isBestMatch": true
    },
    {
        "id": 238128414,
        "price": "0.00856100",
        "qty": "0.04500000",
        "quoteQty": "0.00038524",
        "time": 1711893145400,
        "isBuyerMaker": false,
        "isBestMatch": true
    },
    {
        "id": 238128415,
        "price": "0.00856100",
        "qty": "0.09900000",
        "quoteQty": "0.00084753",
        "time": 1711893145400,
        "isBuyerMaker": false,
        "isBestMatch": true
    },
    {
        "id": 238128416,
        "price": "0.00856100",
        "qty": "0.07200000",
        "quoteQty": "0.00061639",
        "time": 1711893145400,
        "isBuyerMaker": false,
        "isBestMatch": true
    },
    {
        "id": 238128417,
        "price": "0.00856100",
        "qty": "0.34900000",
        "quoteQty": "0.00298778",
        "time": 1711893145400,
        "isBuyerMaker": false,
        "isBestMatch": true
    },
    {
        "id": 238128418,
        "price": "0.00856200",
        "qty": "0.02100000",
        "quoteQty": "0.00017980",
        "time": 1711893147372,
        "isBuyerMaker": false,
        "isBestMatch": true
    },
    {
        "id": 238128419,
        "price": "0.00856200",
        "qty": "0.05400000",
        "quoteQty": "0.00046234",
        "time": 1711893153342,
        "isBuyerMaker": false,
        "isBestMatch": true
    },
    {
        "id": 238128420,
        "price": "0.00856200",
        "qty": "0.16500000",
        "quoteQty": "0.00141273",
        "time": 1711893154971,
        "isBuyerMaker": false,
        "isBestMatch": true
    },
    {
        "id": 238128421,
        "price": "0.00856200",
        "qty": "0.03000000",
        "quoteQty": "0.00025686",
        "time": 1711893156536,
        "isBuyerMaker": false,
        "isBestMatch": true
    },
    {
        "id": 238128422,
        "price": "0.00856200",
        "qty": "0.13000000",
        "quoteQty": "0.00111306",
        "time": 1711893159507,
        "isBuyerMaker": false,
        "isBestMatch": true
    },
    {
        "id": 238128423,
        "price": "0.00856200",
        "qty": "0.15000000",
        "quoteQty": "0.00128430",
        "time": 1711893159507,
        "isBuyerMaker": false,
        "isBestMatch": true
    },
    {
        "id": 238128424,
        "price": "0.00856200",
        "qty": "0.08400000",
        "quoteQty": "0.00071920",
        "time": 1711893159507,
        "isBuyerMaker": false,
        "isBestMatch": true
    },
    {
        "id": 238128425,
        "price": "0.00856200",
        "qty": "0.12600000",
        "quoteQty": "0.00107881",
        "time": 1711893163935,
        "isBuyerMaker": false,
        "isBestMatch": true
    },
    {
        "id": 238128426,
        "price": "0.00856200",
        "qty": "0.09300000",
        "quoteQty": "0.00079626",
        "time": 1711893165627,
        "isBuyerMaker": false,
        "isBestMatch": true
    },
    {
        "id": 238128427,
        "price": "0.00856200",
        "qty": "0.19700000",
        "quoteQty": "0.00168671",
        "time": 1711893168711,
        "isBuyerMaker": false,
        "isBestMatch": true
    },
    {
        "id": 238128428,
        "price": "0.00856200",
        "qty": "0.10000000",
        "quoteQty": "0.00085620",
        "time": 1711893168711,
        "isBuyerMaker": false,
        "isBestMatch": true
    },
    {
        "id": 238128429,
        "price": "0.00856200",
        "qty": "0.15300000",
        "quoteQty": "0.00130998",
        "time": 1711893168711,
        "isBuyerMaker": false,
        "isBestMatch": true
    },
    {
        "id": 238128430,
        "price": "0.00856200",
        "qty": "0.03800000",
        "quoteQty": "0.00032535",
        "time": 1711893175734,
        "isBuyerMaker": false,
        "isBestMatch": true
    },
    {
        "id": 238128431,
        "price": "0.00856200",
        "qty": "0.11800000",
        "quoteQty": "0.00101031",
        "time": 1711893176038,
        "isBuyerMaker": false,
        "isBestMatch": true
    },
    {
        "id": 238128432,
        "price": "0.00856200",
        "qty": "0.04600000",
        "quoteQty": "0.00039385",
        "time": 1711893176187,
        "isBuyerMaker": false,
        "isBestMatch": true
    },
    {
        "id": 238128433,
        "price": "0.00856100",
        "qty": "0.00200000",
        "quoteQty": "0.00001712",
        "time": 1711893176701,
        "isBuyerMaker": true,
        "isBestMatch": true
    },
    {
        "id": 238128434,
        "price": "0.00856100",
        "qty": "0.02000000",
        "quoteQty": "0.00017122",
        "time": 1711893176701,
        "isBuyerMaker": true,
        "isBestMatch": true
    },
    {
        "id": 238128435,
        "price": "0.00856100",
        "qty": "1.18900000",
        "quoteQty": "0.01017902",
        "time": 1711893176835,
        "isBuyerMaker": true,
        "isBestMatch": true
    },
    {
        "id": 238128436,
        "price": "0.00856100",
        "qty": "0.00100000",
        "quoteQty": "0.00000856",
        "time": 1711893176842,
        "isBuyerMaker": true,
        "isBestMatch": true
    },
    {
        "id": 238128437,
        "price": "0.00856000",
        "qty": "0.40700000",
        "quoteQty": "0.00348392",
        "time": 1711893176842,
        "isBuyerMaker": true,
        "isBestMatch": true
    },
    {
        "id": 238128438,
        "price": "0.00856100",
        "qty": "0.30000000",
        "quoteQty": "0.00256830",
        "time": 1711893178330,
        "isBuyerMaker": false,
        "isBestMatch": true
    },
    {
        "id": 238128439,
        "price": "0.00856100",
        "qty": "0.16500000",
        "quoteQty": "0.00141256",
        "time": 1711893179866,
        "isBuyerMaker": false,
        "isBestMatch": true
    },
    {
        "id": 238128440,
        "price": "0.00856000",
        "qty": "0.07000000",
        "quoteQty": "0.00059920",
        "time": 1711893180039,
        "isBuyerMaker": true,
        "isBestMatch": true
    },
    {
        "id": 238128441,
        "price": "0.00856000",
        "qty": "0.23800000",
        "quoteQty": "0.00203728",
        "time": 1711893180039,
        "isBuyerMaker": true,
        "isBestMatch": true
    },
    {
        "id": 238128442,
        "price": "0.00856000",
        "qty": "1.54600000",
        "quoteQty": "0.01323376",
        "time": 1711893180077,
        "isBuyerMaker": true,
        "isBestMatch": true
    },
    {
        "id": 238128443,
        "price": "0.00856100",
        "qty": "0.04900000",
        "quoteQty": "0.00041948",
        "time": 1711893180288,
        "isBuyerMaker": false,
        "isBestMatch": true
    },
    {
        "id": 238128444,
        "price": "0.00856000",
        "qty": "0.77200000",
        "quoteQty": "0.00660832",
        "time": 1711893180946,
        "isBuyerMaker": true,
        "isBestMatch": true
    },
    {
        "id": 238128445,
        "price": "0.00856000",
        "qty": "0.66400000",
        "quoteQty": "0.00568384",
        "time": 1711893180946,
        "isBuyerMaker": true,
        "isBestMatch": true
    },
    {
        "id": 238128446,
        "price": "0.00856000",
        "qty": "1.17300000",
        "quoteQty": "0.01004088",
        "time": 1711893180946,
        "isBuyerMaker": true,
        "isBestMatch": true
    },
    {
        "id": 238128447,
        "price": "0.00855900",
        "qty": "1.17300000",
        "quoteQty": "0.01003970",
        "time": 1711893180946,
        "isBuyerMaker": true,
        "isBestMatch": true
    },
    {
        "id": 238128448,
        "price": "0.00855900",
        "qty": "1.34900000",
        "quoteQty": "0.01154609",
        "time": 1711893180946,
        "isBuyerMaker": true,
        "isBestMatch": true
    },
    {
        "id": 238128449,
        "price": "0.00855900",
        "qty": "0.12300000",
        "quoteQty": "0.00105275",
        "time": 1711893180946,
        "isBuyerMaker": true,
        "isBestMatch": true
    },
    {
        "id": 238128450,
        "price": "0.00855900",
        "qty": "0.19300000",
        "quoteQty": "0.00165188",
        "time": 1711893183303,
        "isBuyerMaker": true,
        "isBestMatch": true
    },
    {
        "id": 238128451,
        "price": "0.00855900",
        "qty": "0.98000000",
        "quoteQty": "0.00838782",
        "time": 1711893184392,
        "isBuyerMaker": true,
        "isBestMatch": true
    },
    {
        "id": 238128452,
        "price": "0.00855900",
        "qty": "0.33600000",
        "quoteQty": "0.00287582",
        "time": 1711893184392,
        "isBuyerMaker": true,
        "isBestMatch": true
    },
    {
        "id": 238128453,
        "price": "0.00855900",
        "qty": "1.76600000",
        "quoteQty": "0.01511519",
        "time": 1711893184392,
        "isBuyerMaker": true,
        "isBestMatch": true
    },
    {
        "id": 238128454,
        "price": "0.00855900",
        "qty": "0.58900000",
        "quoteQty": "0.00504125",
        "time": 1711893195804,
        "isBuyerMaker": false,
        "isBestMatch": true
    },
    {
        "id": 238128455,
        "price": "0.00855900",
        "qty": "0.18600000",
        "quoteQty": "0.00159197",
        "time": 1711893200035,
        "isBuyerMaker": false,
        "isBestMatch": true
    },
    {
        "id": 238128456,
        "price": "0.00855800",
        "qty": "1.11300000",
        "quoteQty": "0.00952505",
        "time": 1711893201459,
        "isBuyerMaker": true,
        "isBestMatch": true
    },
    {
        "id": 238128457,
        "price": "0.00855800",
        "qty": "1.47100000",
        "quoteQty": "0.01258881",
        "time": 1711893201459,
        "isBuyerMaker": true,
        "isBestMatch": true
    },
    {
        "id": 238128458,
        "price": "0.00855800",
        "qty": "2.27100000",
        "quoteQty": "0.01943521",
        "time": 1711893201459,
        "isBuyerMaker": true,
        "isBestMatch": true
    },
    {
        "id": 238128459,
        "price": "0.00855700",
        "qty": "0.01800000",
        "quoteQty": "0.00015402",
        "time": 1711893201649,
        "isBuyerMaker": true,
        "isBestMatch": true
    },
    {
        "id": 238128460,
        "price": "0.00855700",
        "qty": "0.40000000",
        "quoteQty": "0.00342280",
        "time": 1711893201649,
        "isBuyerMaker": true,
        "isBestMatch": true
    },
    {
        "id": 238128461,
        "price": "0.00855800",
        "qty": "0.05300000",
        "quoteQty": "0.00045357",
        "time": 1711893204635,
        "isBuyerMaker": false,
        "isBestMatch": true
    },
    {
        "id": 238128462,
        "price": "0.00855800",
        "qty": "0.54000000",
        "quoteQty": "0.00462132",
        "time": 1711893208412,
        "isBuyerMaker": false,
        "isBestMatch": true
    },
    {
        "id": 238128463,
        "price": "0.00855800",
        "qty": "0.01800000",
        "quoteQty": "0.00015404",
        "time": 1711893222089,
        "isBuyerMaker": false,
        "isBestMatch": true
    },
    {
        "id": 238128464,
        "price": "0.00855800",
        "qty": "0.32700000",
        "quoteQty": "0.00279846",
        "time": 1711893227436,
        "isBuyerMaker": false,
        "isBestMatch": true
    },
    {
        "id": 238128465,
        "price": "0.00855800",
        "qty": "0.03300000",
        "quoteQty": "0.00028241",
        "time": 1711893228401,
        "isBuyerMaker": false,
        "isBestMatch": true
    },
    {
        "id": 238128466,
        "price": "0.00855800",
        "qty": "0.01700000",
        "quoteQty": "0.00014548",
        "time": 1711893229272,
        "isBuyerMaker": false,
        "isBestMatch": true
    },
    {
        "id": 238128467,
        "price": "0.00855800",
        "qty": "0.21200000",
        "quoteQty": "0.00181429",
        "time": 1711893230890,
        "isBuyerMaker": false,
        "isBestMatch": true
    },
    {
        "id": 238128468,
        "price": "0.00855800",
        "qty": "0.50100000",
        "quoteQty": "0.00428755",
        "time": 1711893232271,
        "isBuyerMaker": false,
        "isBestMatch": true
    },
    {
        "id": 238128469,
        "price": "0.00855700",
        "qty": "0.03900000",
        "quoteQty": "0.00033372",
        "time": 1711893233386,
        "isBuyerMaker": true,
        "isBestMatch": true
    },
    {
        "id": 238128470,
        "price": "0.00855800",
        "qty": "0.06600000",
        "quoteQty": "0.00056482",
        "time": 1711893242139,
        "isBuyerMaker": false,
        "isBestMatch": true
    },
    {
        "id": 238128471,
        "price": "0.00855800",
        "qty": "0.06500000",
        "quoteQty": "0.00055627",
        "time": 1711893242139,
        "isBuyerMaker": false,
        "isBestMatch": true
    },
    {
        "id": 238128472,
        "price": "0.00855800",
        "qty": "0.01400000",
        "quoteQty": "0.00011981",
        "time": 1711893242587,
        "isBuyerMaker": false,
        "isBestMatch": true
    },
    {
        "id": 238128473,
        "price": "0.00855800",
        "qty": "0.01600000",
        "quoteQty": "0.00013692",
        "time": 1711893246490,
        "isBuyerMaker": false,
        "isBestMatch": true
    },
    {
        "id": 238128474,
        "price": "0.00855700",
        "qty": "0.51400000",
        "quoteQty": "0.00439829",
        "time": 1711893247371,
        "isBuyerMaker": true,
        "isBestMatch": true
    },
    {
        "id": 238128475,
        "price": "0.00855600",
        "qty": "0.21000000",
        "quoteQty": "0.00179676",
        "time": 1711893253488,
        "isBuyerMaker": true,
        "isBestMatch": true
    },
    {
        "id": 238128476,
        "price": "0.00855700",
        "qty": "0.03500000",
        "quoteQty": "0.00029949",
        "time": 1711893261689,
        "isBuyerMaker": false,
        "isBestMatch": true
    },
    {
        "id": 238128477,
        "price": "0.00855600",
        "qty": "0.02300000",
        "quoteQty": "0.00019678",
        "time": 1711893261789,
        "isBuyerMaker": true,
        "isBestMatch": true
    },
    {
        "id": 238128478,
        "price": "0.00855600",
        "qty": "0.94100000",
        "quoteQty": "0.00805119",
        "time": 1711893262916,
        "isBuyerMaker": true,
        "isBestMatch": true
    },
    {
        "id": 238128479,
        "price": "0.00855600",
        "qty": "0.08000000",
        "quoteQty": "0.00068448",
        "time": 1711893262916,
        "isBuyerMaker": true,
        "isBestMatch": true
    },
    {
        "id": 238128480,
        "price": "0.00855600",
        "qty": "1.59100000",
        "quoteQty": "0.01361259",
        "time": 1711893262916,
        "isBuyerMaker": true,
        "isBestMatch": true
    },
    {
        "id": 238128481,
        "price": "0.00855600",
        "qty": "0.03500000",
        "quoteQty": "0.00029946",
        "time": 1711893262916,
        "isBuyerMaker": true,
        "isBestMatch": true
    },
    {
        "id": 238128482,
        "price": "0.00855500",
        "qty": "0.41900000",
        "quoteQty": "0.00358454",
        "time": 1711893262916,
        "isBuyerMaker": true,
        "isBestMatch": true
    },
    {
        "id": 238128483,
        "price": "0.00855500",
        "qty": "0.75400000",
        "quoteQty": "0.00645047",
        "time": 1711893262916,
        "isBuyerMaker": true,
        "isBestMatch": true
    },
    {
        "id": 238128484,
        "price": "0.00855500",
        "qty": "5.00600000",
        "quoteQty": "0.04282633",
        "time": 1711893262916,
        "isBuyerMaker": true,
        "isBestMatch": true
    },
    {
        "id": 238128485,
        "price": "0.00855600",
        "qty": "0.02000000",
        "quoteQty": "0.00017112",
        "time": 1711893263780,
        "isBuyerMaker": false,
        "isBestMatch": true
    },
    {
        "id": 238128486,
        "price": "0.00855500",
        "qty": "0.02700000",
        "quoteQty": "0.00023098",
        "time": 1711893270766,
        "isBuyerMaker": true,
        "isBestMatch": true
    },
    {
        "id": 238128487,
        "price": "0.00855500",
        "qty": "1.32200000",
        "quoteQty": "0.01130971",
        "time": 1711893275659,
        "isBuyerMaker": true,
        "isBestMatch": true
    },
    {
        "id": 238128488,
        "price": "0.00855400",
        "qty": "0.40000000",
        "quoteQty": "0.00342160",
        "time": 1711893275664,
        "isBuyerMaker": true,
        "isBestMatch": true
    },
    {
        "id": 238128489,
        "price": "0.00855400",
        "qty": "0.10000000",
        "quoteQty": "0.00085540",
        "time": 1711893277200,
        "isBuyerMaker": false,
        "isBestMatch": true
    },
    {
        "id": 238128490,
        "price": "0.00855500",
        "qty": "0.04800000",
        "quoteQty": "0.00041064",
        "time": 1711893288238,
        "isBuyerMaker": false,
        "isBestMatch": true
    },
    {
        "id": 238128491,
        "price": "0.00855500",
        "qty": "0.09600000",
        "quoteQty": "0.00082128",
        "time": 1711893289444,
        "isBuyerMaker": false,
        "isBestMatch": true
    },
    {
        "id": 238128492,
        "price": "0.00855500",
        "qty": "0.17200000",
        "quoteQty": "0.00147146",
        "time": 1711893292826,
        "isBuyerMaker": false,
        "isBestMatch": true
    },
    {
        "id": 238128493,
        "price": "0.00855400",
        "qty": "0.01500000",
        "quoteQty": "0.00012831",
        "time": 1711893293435,
        "isBuyerMaker": true,
        "isBestMatch": true
    },
    {
        "id": 238128494,
        "price": "0.00855400",
        "qty": "0.27800000",
        "quoteQty": "0.00237801",
        "time": 1711893298994,
        "isBuyerMaker": true,
        "isBestMatch": true
    },
    {
        "id": 238128495,
        "price": "0.00855400",
        "qty": "0.08700000",
        "quoteQty": "0.00074419",
        "time": 1711893301474,
        "isBuyerMaker": true,
        "isBestMatch": true
    },
    {
        "id": 238128496,
        "price": "0.00855500",
        "qty": "0.02300000",
        "quoteQty": "0.00019676",
        "time": 1711893303618,
        "isBuyerMaker": false,
        "isBestMatch": true
    },
    {
        "id": 238128497,
        "price": "0.00855400",
        "qty": "0.20100000",
        "quoteQty": "0.00171935",
        "time": 1711893306703,
        "isBuyerMaker": true,
        "isBestMatch": true
    },
    {
        "id": 238128498,
        "price": "0.00855500",
        "qty": "0.03300000",
        "quoteQty": "0.00028231",
        "time": 1711893307038,
        "isBuyerMaker": false,
        "isBestMatch": true
    },
    {
        "id": 238128499,
        "price": "0.00855400",
        "qty": "0.01500000",
        "quoteQty": "0.00012831",
        "time": 1711893310171,
        "isBuyerMaker": true,
        "isBestMatch": true
    },
    {
        "id": 238128500,
        "price": "0.00855400",
        "qty": "0.01800000",
        "quoteQty": "0.00015397",
        "time": 1711893312403,
        "isBuyerMaker": true,
        "isBestMatch": true
    },
    {
        "id": 238128501,
        "price": "0.00855400",
        "qty": "0.52600000",
        "quoteQty": "0.00449940",
        "time": 1711893314838,
        "isBuyerMaker": false,
        "isBestMatch": true
    },
    {
        "id": 238128502,
        "price": "0.00855400",
        "qty": "0.04000000",
        "quoteQty": "0.00034216",
        "time": 1711893318611,
        "isBuyerMaker": false,
        "isBestMatch": true
    },
    {
        "id": 238128503,
        "price": "0.00855400",
        "qty": "0.04900000",
        "quoteQty": "0.00041914",
        "time": 1711893321801,
        "isBuyerMaker": false,
        "isBestMatch": true
    },
    {
        "id": 238128504,
        "price": "0.00855300",
        "qty": "0.15000000",
        "quoteQty": "0.00128295",
        "time": 1711893323671,
        "isBuyerMaker": true,
        "isBestMatch": true
    },
    {
        "id": 238128505,
        "price": "0.00855300",
        "qty": "0.16000000",
        "quoteQty": "0.00136848",
        "time": 1711893323671,
        "isBuyerMaker": true,
        "isBestMatch": true
    },
    {
        "id": 238128506,
        "price": "0.00855300",
        "qty": "0.02200000",
        "quoteQty": "0.00018816",
        "time": 1711893324503,
        "isBuyerMaker": true,
        "isBestMatch": true
    },
    {
        "id": 238128507,
        "price": "0.00855300",
        "qty": "0.21800000",
        "quoteQty": "0.00186455",
        "time": 1711893326918,
        "isBuyerMaker": true,
        "isBestMatch": true
    },
    {
        "id": 238128508,
        "price": "0.00855300",
        "qty": "0.50000000",
        "quoteQty": "0.00427650",
        "time": 1711893326918,
        "isBuyerMaker": true,
        "isBestMatch": true
    },
    {
        "id": 238128509,
        "price": "0.00855300",
        "qty": "0.10000000",
        "quoteQty": "0.00085530",
        "time": 1711893326918,
        "isBuyerMaker": true,
        "isBestMatch": true
    },
    {
        "id": 238128510,
        "price": "0.00855300",
        "qty": "0.35500000",
        "quoteQty": "0.00303631",
        "time": 1711893326918,
        "isBuyerMaker": true,
        "isBestMatch": true
    },
    {
        "id": 238128511,
        "price": "0.00855300",
        "qty": "0.01200000",
        "quoteQty": "0.00010263",
        "time": 1711893326918,
        "isBuyerMaker": true,
        "isBestMatch": true
    },
    {
        "id": 238128512,
        "price": "0.00855300",
        "qty": "0.91900000",
        "quoteQty": "0.00786020",
        "time": 1711893326918,
        "isBuyerMaker": true,
        "isBestMatch": true
    },
    {
        "id": 238128513,
        "price": "0.00855400",
        "qty": "0.01900000",
        "quoteQty": "0.00016252",
        "time": 1711893336103,
        "isBuyerMaker": true,
        "isBestMatch": true
    },
    {
        "id": 238128514,
        "price": "0.00855400",
        "qty": "1.19200000",
        "quoteQty": "0.01019636",
        "time": 1711893356935,
        "isBuyerMaker": true,
        "isBestMatch": true
    },
    {
        "id": 238128515,
        "price": "0.00855400",
        "qty": "1.06300000",
        "quoteQty": "0.00909290",
        "time": 1711893356935,
        "isBuyerMaker": true,
        "isBestMatch": true
    },
    {
        "id": 238128516,
        "price": "0.00855300",
        "qty": "0.54800000",
        "quoteQty": "0.00468704",
        "time": 1711893356935,
        "isBuyerMaker": true,
        "isBestMatch": true
    },
    {
        "id": 238128517,
        "price": "0.00855300",
        "qty": "1.52800000",
        "quoteQty": "0.01306898",
        "time": 1711893356935,
        "isBuyerMaker": true,
        "isBestMatch": true
    },
    {
        "id": 238128518,
        "price": "0.00855300",
        "qty": "1.34200000",
        "quoteQty": "0.01147812",
        "time": 1711893356935,
        "isBuyerMaker": true,
        "isBestMatch": true
    },
    {
        "id": 238128519,
        "price": "0.00855300",
        "qty": "0.33500000",
        "quoteQty": "0.00286525",
        "time": 1711893356935,
        "isBuyerMaker": true,
        "isBestMatch": true
    },
    {
        "id": 238128520,
        "price": "0.00855300",
        "qty": "0.82600000",
        "quoteQty": "0.00706477",
        "time": 1711893356935,
        "isBuyerMaker": true,
        "isBestMatch": true
    },
    {
        "id": 238128521,
        "price": "0.00855200",
        "qty": "1.34800000",
        "quoteQty": "0.01152809",
        "time": 1711893356935,
        "isBuyerMaker": true,
        "isBestMatch": true
    },
    {
        "id": 238128522,
        "price": "0.00855200",
        "qty": "0.10000000",
        "quoteQty": "0.00085520",
        "time": 1711893356935,
        "isBuyerMaker": true,
        "isBestMatch": true
    },
    {
        "id": 238128523,
        "price": "0.00855200",
        "qty": "1.00100000",
        "quoteQty": "0.00856055",
        "time": 1711893356935,
        "isBuyerMaker": true,
        "isBestMatch": true
    },
    {
        "id": 238128524,
        "price": "0.00855200",
        "qty": "0.05200000",
        "quoteQty": "0.00044470",
        "time": 1711893356935,
        "isBuyerMaker": true,
        "isBestMatch": true
    },
    {
        "id": 238128525,
        "price": "0.00855300",
        "qty": "0.02800000",
        "quoteQty": "0.00023948",
        "time": 1711893357744,
        "isBuyerMaker": false,
        "isBestMatch": true
    },
    {
        "id": 238128526,
        "price": "0.00855200",
        "qty": "0.34800000",
        "quoteQty": "0.00297609",
        "time": 1711893357975,
        "isBuyerMaker": true,
        "isBestMatch": true
    },
    {
        "id": 238128527,
        "price": "0.00855200",
        "qty": "0.50000000",
        "quoteQty": "0.00427600",
        "time": 1711893357975,
        "isBuyerMaker": true,
        "isBestMatch": true
    },
    {
        "id": 238128528,
        "price": "0.00855200",
        "qty": "0.15000000",
        "quoteQty": "0.00128280",
        "time": 1711893357975,
        "isBuyerMaker": true,
        "isBestMatch": true
    },
    {
        "id": 238128529,
        "price": "0.00855200",
        "qty": "0.50000000",
        "quoteQty": "0.00427600",
        "time": 1711893357975,
        "isBuyerMaker": true,
        "isBestMatch": true
    },
    {
        "id": 238128530,
        "price": "0.00855200",
        "qty": "0.40000000",
        "quoteQty": "0.00342080",
        "time": 1711893357975,
        "isBuyerMaker": true,
        "isBestMatch": true
    },
    {
        "id": 238128531,
        "price": "0.00855200",
        "qty": "6.36700000",
        "quoteQty": "0.05445058",
        "time": 1711893357975,
        "isBuyerMaker": true,
        "isBestMatch": true
    },
    {
        "id": 238128532,
        "price": "0.00855200",
        "qty": "1.07000000",
        "quoteQty": "0.00915064",
        "time": 1711893357975,
        "isBuyerMaker": true,
        "isBestMatch": true
    },
    {
        "id": 238128533,
        "price": "0.00855200",
        "qty": "1.34900000",
        "quoteQty": "0.01153664",
        "time": 1711893359031,
        "isBuyerMaker": true,
        "isBestMatch": true
    },
    {
        "id": 238128534,
        "price": "0.00855200",
        "qty": "3.50700000",
        "quoteQty": "0.02999186",
        "time": 1711893359031,
        "isBuyerMaker": true,
        "isBestMatch": true
    },
    {
        "id": 238128535,
        "price": "0.00855200",
        "qty": "0.01200000",
        "quoteQty": "0.00010262",
        "time": 1711893359031,
        "isBuyerMaker": true,
        "isBestMatch": true
    },
    {
        "id": 238128536,
        "price": "0.00855200",
        "qty": "4.12400000",
        "quoteQty": "0.03526844",
        "time": 1711893359031,
        "isBuyerMaker": true,
        "isBestMatch": true
    },
    {
        "id": 238128537,
        "price": "0.00855100",
        "qty": "0.34300000",
        "quoteQty": "0.00293299",
        "time": 1711893359031,
        "isBuyerMaker": true,
        "isBestMatch": true
    },
    {
        "id": 238128538,
        "price": "0.00855200",
        "qty": "0.12100000",
        "quoteQty": "0.00103479",
        "time": 1711893359512,
        "isBuyerMaker": false,
        "isBestMatch": true
    },
    {
        "id": 238128539,
        "price": "0.00855200",
        "qty": "0.12100000",
        "quoteQty": "0.00103479",
        "time": 1711893359512,
        "isBuyerMaker": false,
        "isBestMatch": true
    },
    {
        "id": 238128540,
        "price": "0.00855200",
        "qty": "0.11500000",
        "quoteQty": "0.00098348",
        "time": 1711893359512,
        "isBuyerMaker": false,
        "isBestMatch": true
    },
    {
        "id": 238128541,
        "price": "0.00855200",
        "qty": "0.12000000",
        "quoteQty": "0.00102624",
        "time": 1711893359513,
        "isBuyerMaker": false,
        "isBestMatch": true
    },
    {
        "id": 238128542,
        "price": "0.00855200",
        "qty": "0.10400000",
        "quoteQty": "0.00088940",
        "time": 1711893359513,
        "isBuyerMaker": false,
        "isBestMatch": true
    },
    {
        "id": 238128543,
        "price": "0.00855200",
        "qty": "0.11200000",
        "quoteQty": "0.00095782",
        "time": 1711893359513,
        "isBuyerMaker": false,
        "isBestMatch": true
    },
    {
        "id": 238128544,
        "price": "0.00855200",
        "qty": "0.11100000",
        "quoteQty": "0.00094927",
        "time": 1711893359513,
        "isBuyerMaker": false,
        "isBestMatch": true
    },
    {
        "id": 238128545,
        "price": "0.00855200",
        "qty": "0.12700000",
        "quoteQty": "0.00108610",
        "time": 1711893359514,
        "isBuyerMaker": false,
        "isBestMatch": true
    },
    {
        "id": 238128546,
        "price": "0.00855200",
        "qty": "0.11500000",
        "quoteQty": "0.00098348",
        "time": 1711893359517,
        "isBuyerMaker": false,
        "isBestMatch": true
    },
    {
        "id": 238128547,
        "price": "0.00855200",
        "qty": "0.11100000",
        "quoteQty": "0.00094927",
        "time": 1711893359517,
        "isBuyerMaker": false,
        "isBestMatch": true
    },
    {
        "id": 238128548,
        "price": "0.00855200",
        "qty": "0.01700000",
        "quoteQty": "0.00014538",
        "time": 1711893359517,
        "isBuyerMaker": false,
        "isBestMatch": true
    },
    {
        "id": 238128549,
        "price": "0.00855200",
        "qty": "0.08700000",
        "quoteQty": "0.00074402",
        "time": 1711893359517,
        "isBuyerMaker": false,
        "isBestMatch": true
    },
    {
        "id": 238128550,
        "price": "0.00855200",
        "qty": "0.11200000",
        "quoteQty": "0.00095782",
        "time": 1711893359518,
        "isBuyerMaker": false,
        "isBestMatch": true
    },
    {
        "id": 238128551,
        "price": "0.00855200",
        "qty": "0.12100000",
        "quoteQty": "0.00103479",
        "time": 1711893359518,
        "isBuyerMaker": false,
        "isBestMatch": true
    },
    {
        "id": 238128552,
        "price": "0.00855200",
        "qty": "0.12000000",
        "quoteQty": "0.00102624",
        "time": 1711893359518,
        "isBuyerMaker": false,
        "isBestMatch": true
    },
    {
        "id": 238128553,
        "price": "0.00855200",
        "qty": "0.12700000",
        "quoteQty": "0.00108610",
        "time": 1711893359519,
        "isBuyerMaker": false,
        "isBestMatch": true
    },
    {
        "id": 238128554,
        "price": "0.00855200",
        "qty": "0.12100000",
        "quoteQty": "0.00103479",
        "time": 1711893359521,
        "isBuyerMaker": false,
        "isBestMatch": true
    },
    {
        "id": 238128555,
        "price": "0.00855200",
        "qty": "0.11200000",
        "quoteQty": "0.00095782",
        "time": 1711893359522,
        "isBuyerMaker": false,
        "isBestMatch": true
    },
    {
        "id": 238128556,
        "price": "0.00855200",
        "qty": "0.00400000",
        "quoteQty": "0.00003420",
        "time": 1711893359522,
        "isBuyerMaker": false,
        "isBestMatch": true
    },
    {
        "id": 238128557,
        "price": "0.00855200",
        "qty": "0.11100000",
        "quoteQty": "0.00094927",
        "time": 1711893359522,
        "isBuyerMaker": false,
        "isBestMatch": true
    },
    {
        "id": 238128558,
        "price": "0.00855200",
        "qty": "0.01600000",
        "quoteQty": "0.00013683",
        "time": 1711893359522,
        "isBuyerMaker": false,
        "isBestMatch": true
    },
    {
        "id": 238128559,
        "price": "0.00855200",
        "qty": "0.09500000",
        "quoteQty": "0.00081244",
        "time": 1711893359522,
        "isBuyerMaker": false,
        "isBestMatch": true
    },
    {
        "id": 238128560,
        "price": "0.00855200",
        "qty": "0.14800000",
        "quoteQty": "0.00126569",
        "time": 1711893359522,
        "isBuyerMaker": false,
        "isBestMatch": true
    },
    {
        "id": 238128561,
        "price": "0.00855200",
        "qty": "0.09500000",
        "quoteQty": "0.00081244",
        "time": 1711893359522,
        "isBuyerMaker": false,
        "isBestMatch": true
    },
    {
        "id": 238128562,
        "price": "0.00855200",
        "qty": "0.10400000",
        "quoteQty": "0.00088940",
        "time": 1711893359523,
        "isBuyerMaker": false,
        "isBestMatch": true
    },
    {
        "id": 238128563,
        "price": "0.00855200",
        "qty": "0.12100000",
        "quoteQty": "0.00103479",
        "time": 1711893359523,
        "isBuyerMaker": false,
        "isBestMatch": true
    },
    {
        "id": 238128564,
        "price": "0.00855200",
        "qty": "0.12000000",
        "quoteQty": "0.00102624",
        "time": 1711893359523,
        "isBuyerMaker": false,
        "isBestMatch": true
    },
    {
        "id": 238128565,
        "price": "0.00855200",
        "qty": "0.12700000",
        "quoteQty": "0.00108610",
        "time": 1711893359524,
        "isBuyerMaker": false,
        "isBestMatch": true
    },
    {
        "id": 238128566,
        "price": "0.00855200",
        "qty": "0.12100000",
        "quoteQty": "0.00103479",
        "time": 1711893359526,
        "isBuyerMaker": false,
        "isBestMatch": true
    },
    {
        "id": 238128567,
        "price": "0.00855200",
        "qty": "0.11500000",
        "quoteQty": "0.00098348",
        "time": 1711893359527,
        "isBuyerMaker": false,
        "isBestMatch": true
    },
    {
        "id": 238128568,
        "price": "0.00855200",
        "qty": "0.00100000",
        "quoteQty": "0.00000855",
        "time": 1711893359528,
        "isBuyerMaker": false,
        "isBestMatch": true
    },
    {
        "id": 238128569,
        "price": "0.00855200",
        "qty": "0.11000000",
        "quoteQty": "0.00094072",
        "time": 1711893359528,
        "isBuyerMaker": false,
        "isBestMatch": true
    },
    {
        "id": 238128570,
        "price": "0.00855200",
        "qty": "0.04200000",
        "quoteQty": "0.00035918",
        "time": 1711893359547,
        "isBuyerMaker": false,
        "isBestMatch": true
    },
    {
        "id": 238128571,
        "price": "0.00855100",
        "qty": "0.05700000",
        "quoteQty": "0.00048740",
        "time": 1711893360075,
        "isBuyerMaker": true,
        "isBestMatch": true
    },
    {
        "id": 238128572,
        "price": "0.00855100",
        "qty": "0.40000000",
        "quoteQty": "0.00342040",
        "time": 1711893360075,
        "isBuyerMaker": true,
        "isBestMatch": true
    },
    {
        "id": 238128573,
        "price": "0.00855100",
        "qty": "1.00100000",
        "quoteQty": "0.00855955",
        "time": 1711893360075,
        "isBuyerMaker": true,
        "isBestMatch": true
    },
    {
        "id": 238128574,
        "price": "0.00855100",
        "qty": "0.50000000",
        "quoteQty": "0.00427550",
        "time": 1711893360075,
        "isBuyerMaker": true,
        "isBestMatch": true
    },
    {
        "id": 238128575,
        "price": "0.00855100",
        "qty": "0.15000000",
        "quoteQty": "0.00128265",
        "time": 1711893360075,
        "isBuyerMaker": true,
        "isBestMatch": true
    },
    {
        "id": 238128576,
        "price": "0.00855100",
        "qty": "0.10000000",
        "quoteQty": "0.00085510",
        "time": 1711893360075,
        "isBuyerMaker": true,
        "isBestMatch": true
    },
    {
        "id": 238128577,
        "price": "0.00855100",
        "qty": "0.50000000",
        "quoteQty": "0.00427550",
        "time": 1711893360075,
        "isBuyerMaker": true,
        "isBestMatch": true
    },
    {
        "id": 238128578,
        "price": "0.00855100",
        "qty": "2.30000000",
        "quoteQty": "0.01966730",
        "time": 1711893360075,
        "isBuyerMaker": true,
        "isBestMatch": true
    },
    {
        "id": 238128579,
        "price": "0.00855100",
        "qty": "0.73900000",
        "quoteQty": "0.00631918",
        "time": 1711893360075,
        "isBuyerMaker": true,
        "isBestMatch": true
    },
    {
        "id": 238128580,
        "price": "0.00855100",
        "qty": "2.64400000",
        "quoteQty": "0.02260884",
        "time": 1711893360075,
        "isBuyerMaker": true,
        "isBestMatch": true
    },
    {
        "id": 238128581,
        "price": "0.00855200",
        "qty": "0.00100000",
        "quoteQty": "0.00000855",
        "time": 1711893360103,
        "isBuyerMaker": false,
        "isBestMatch": true
    },
    {
        "id": 238128582,
        "price": "0.00855200",
        "qty": "0.65900000",
        "quoteQty": "0.00563576",
        "time": 1711893360103,
        "isBuyerMaker": false,
        "isBestMatch": true
    },
    {
        "id": 238128583,
        "price": "0.00855300",
        "qty": "0.12000000",
        "quoteQty": "0.00102636",
        "time": 1711893361716,
        "isBuyerMaker": false,
        "isBestMatch": true
    },
    {
        "id": 238128584,
        "price": "0.00855300",
        "qty": "0.11100000",
        "quoteQty": "0.00094938",
        "time": 1711893361716,
        "isBuyerMaker": false,
        "isBestMatch": true
    },
    {
        "id": 238128585,
        "price": "0.00855300",
        "qty": "0.12100000",
        "quoteQty": "0.00103491",
        "time": 1711893361716,
        "isBuyerMaker": false,
        "isBestMatch": true
    },
    {
        "id": 238128586,
        "price": "0.00855300",
        "qty": "0.11200000",
        "quoteQty": "0.00095793",
        "time": 1711893361716,
        "isBuyerMaker": false,
        "isBestMatch": true
    },
    {
        "id": 238128587,
        "price": "0.00855300",
        "qty": "0.10400000",
        "quoteQty": "0.00088951",
        "time": 1711893361716,
        "isBuyerMaker": false,
        "isBestMatch": true
    },
    {
        "id": 238128588,
        "price": "0.00855300",
        "qty": "0.11500000",
        "quoteQty": "0.00098359",
        "time": 1711893361716,
        "isBuyerMaker": false,
        "isBestMatch": true
    },
    {
        "id": 238128589,
        "price": "0.00855300",
        "qty": "0.12100000",
        "quoteQty": "0.00103491",
        "time": 1711893361716,
        "isBuyerMaker": false,
        "isBestMatch": true
    },
    {
        "id": 238128590,
        "price": "0.00855300",
        "qty": "0.12700000",
        "quoteQty": "0.00108623",
        "time": 1711893361717,
        "isBuyerMaker": false,
        "isBestMatch": true
    },
    {
        "id": 238128591,
        "price": "0.00855300",
        "qty": "0.12000000",
        "quoteQty": "0.00102636",
        "time": 1711893361720,
        "isBuyerMaker": false,
        "isBestMatch": true
    },
    {
        "id": 238128592,
        "price": "0.00855300",
        "qty": "0.11100000",
        "quoteQty": "0.00094938",
        "time": 1711893361720,
        "isBuyerMaker": false,
        "isBestMatch": true
    },
    {
        "id": 238128593,
        "price": "0.00855300",
        "qty": "0.01200000",
        "quoteQty": "0.00010263",
        "time": 1711893363373,
        "isBuyerMaker": false,
        "isBestMatch": true
    },
    {
        "id": 238128594,
        "price": "0.00855300",
        "qty": "1.51100000",
        "quoteQty": "0.01292358",
        "time": 1711893363373,
        "isBuyerMaker": false,
        "isBestMatch": true
    },
    {
        "id": 238128595,
        "price": "0.00855400",
        "qty": "0.05700000",
        "quoteQty": "0.00048757",
        "time": 1711893364736,
        "isBuyerMaker": false,
        "isBestMatch": true
    },
    {
        "id": 238128596,
        "price": "0.00855500",
        "qty": "0.58400000",
        "quoteQty": "0.00499612",
        "time": 1711893366804,
        "isBuyerMaker": false,
        "isBestMatch": true
    },
    {
        "id": 238128597,
        "price": "0.00855500",
        "qty": "0.27400000",
        "quoteQty": "0.00234407",
        "time": 1711893368066,
        "isBuyerMaker": false,
        "isBestMatch": true
    },
    {
        "id": 238128598,
        "price": "0.00855500",
        "qty": "0.87500000",
        "quoteQty": "0.00748562",
        "time": 1711893371467,
        "isBuyerMaker": false,
        "isBestMatch": true
    },
    {
        "id": 238128599,
        "price": "0.00855600",
        "qty": "1.17400000",
        "quoteQty": "0.01004474",
        "time": 1711893371467,
        "isBuyerMaker": false,
        "isBestMatch": true
    },
    {
        "id": 238128600,
        "price": "0.00855600",
        "qty": "1.39400000",
        "quoteQty": "0.01192706",
        "time": 1711893371467,
        "isBuyerMaker": false,
        "isBestMatch": true
    },
    {
        "id": 238128601,
        "price": "0.00855600",
        "qty": "0.14600000",
        "quoteQty": "0.00124917",
        "time": 1711893371467,
        "isBuyerMaker": false,
        "isBestMatch": true
    },
    {
        "id": 238128602,
        "price": "0.00855600",
        "qty": "0.02300000",
        "quoteQty": "0.00019678",
        "time": 1711893371638,
        "isBuyerMaker": false,
        "isBestMatch": true
    },
    {
        "id": 238128603,
        "price": "0.00855600",
        "qty": "0.32700000",
        "quoteQty": "0.00279781",
        "time": 1711893382335,
        "isBuyerMaker": false,
        "isBestMatch": true
    },
    {
        "id": 238128604,
        "price": "0.00855500",
        "qty": "0.01800000",
        "quoteQty": "0.00015399",
        "time": 1711893382990,
        "isBuyerMaker": true,
        "isBestMatch": true
    },
    {
        "id": 238128605,
        "price": "0.00855600",
        "qty": "0.03600000",
        "quoteQty": "0.00030801",
        "time": 1711893382990,
        "isBuyerMaker": false,
        "isBestMatch": true
    },
    {
        "id": 238128606,
        "price": "0.00855600",
        "qty": "0.02100000",
        "quoteQty": "0.00017967",
        "time": 1711893386523,
        "isBuyerMaker": false,
        "isBestMatch": true
    },
    {
        "id": 238128607,
        "price": "0.00855600",
        "qty": "0.49500000",
        "quoteQty": "0.00423522",
        "time": 1711893386688,
        "isBuyerMaker": false,
        "isBestMatch": true
    },
    {
        "id": 238128608,
        "price": "0.00855600",
        "qty": "0.20200000",
        "quoteQty": "0.00172831",
        "time": 1711893392968,
        "isBuyerMaker": false,
        "isBestMatch": true
    },
    {
        "id": 238128609,
        "price": "0.00855600",
        "qty": "2.11300000",
        "quoteQty": "0.01807882",
        "time": 1711893392968,
        "isBuyerMaker": false,
        "isBestMatch": true
    },
    {
        "id": 238128610,
        "price": "0.00855600",
        "qty": "1.62100000",
        "quoteQty": "0.01386927",
        "time": 1711893392968,
        "isBuyerMaker": false,
        "isBestMatch": true
    },
    {
        "id": 238128611,
        "price": "0.00855600",
        "qty": "0.70200000",
        "quoteQty": "0.00600631",
        "time": 1711893392968,
        "isBuyerMaker": false,
        "isBestMatch": true
    },
    {
        "id": 238128612,
        "price": "0.00855600",
        "qty": "0.33000000",
        "quoteQty": "0.00282348",
        "time": 1711893392968,
        "isBuyerMaker": false,
        "isBestMatch": true
    },
    {
        "id": 238128613,
        "price": "0.00855700",
        "qty": "1.05800000",
        "quoteQty": "0.00905330",
        "time": 1711893392968,
        "isBuyerMaker": false,
        "isBestMatch": true
    },
    {
        "id": 238128614,
        "price": "0.00855700",
        "qty": "0.94200000",
        "quoteQty": "0.00806069",
        "time": 1711893392968,
        "isBuyerMaker": false,
        "isBestMatch": true
    },
    {
        "id": 238128615,
        "price": "0.00855700",
        "qty": "2.21800000",
        "quoteQty": "0.01897942",
        "time": 1711893392968,
        "isBuyerMaker": false,
        "isBestMatch": true
    },
    {
        "id": 238128616,
        "price": "0.00855700",
        "qty": "2.83300000",
        "quoteQty": "0.02424198",
        "time": 1711893392968,
        "isBuyerMaker": false,
        "isBestMatch": true
    },
    {
        "id": 238128617,
        "price": "0.00855800",
        "qty": "0.03000000",
        "quoteQty": "0.00025674",
        "time": 1711893392968,
        "isBuyerMaker": false,
        "isBestMatch": true
    },
    {
        "id": 238128618,
        "price": "0.00855800",
        "qty": "1.34900000",
        "quoteQty": "0.01154474",
        "time": 1711893392968,
        "isBuyerMaker": false,
        "isBestMatch": true
    },
    {
        "id": 238128619,
        "price": "0.00855800",
        "qty": "1.46300000",
        "quoteQty": "0.01252035",
        "time": 1711893392968,
        "isBuyerMaker": false,
        "isBestMatch": true
    },
    {
        "id": 238128620,
        "price": "0.00855800",
        "qty": "1.19300000",
        "quoteQty": "0.01020969",
        "time": 1711893392968,
        "isBuyerMaker": false,
        "isBestMatch": true
    },
    {
        "id": 238128621,
        "price": "0.00855800",
        "qty": "6.20200000",
        "quoteQty": "0.05307671",
        "time": 1711893392968,
        "isBuyerMaker": false,
        "isBestMatch": true
    },
    {
        "id": 238128622,
        "price": "0.00855800",
        "qty": "2.30000000",
        "quoteQty": "0.01968340",
        "time": 1711893392968,
        "isBuyerMaker": false,
        "isBestMatch": true
    },
    {
        "id": 238128623,
        "price": "0.00855900",
        "qty": "1.04700000",
        "quoteQty": "0.00896127",
        "time": 1711893392968,
        "isBuyerMaker": false,
        "isBestMatch": true
    },
    {
        "id": 238128624,
        "price": "0.00855900",
        "qty": "0.96500000",
        "quoteQty": "0.00825943",
        "time": 1711893392968,
        "isBuyerMaker": false,
        "isBestMatch": true
    },
    {
        "id": 238128625,
        "price": "0.00855900",
        "qty": "1.67200000",
        "quoteQty": "0.01431064",
        "time": 1711893392968,
        "isBuyerMaker": false,
        "isBestMatch": true
    },
    {
        "id": 238128626,
        "price": "0.00855900",
        "qty": "0.15700000",
        "quoteQty": "0.00134376",
        "time": 1711893392968,
        "isBuyerMaker": false,
        "isBestMatch": true
    },
    {
        "id": 238128627,
        "price": "0.00855900",
        "qty": "1.51300000",
        "quoteQty": "0.01294976",
        "time": 1711893392968,
        "isBuyerMaker": false,
        "isBestMatch": true
    },
    {
        "id": 238128628,
        "price": "0.00856000",
        "qty": "1.34800000",
        "quoteQty": "0.01153888",
        "time": 1711893392968,
        "isBuyerMaker": false,
        "isBestMatch": true
    },
    {
        "id": 238128629,
        "price": "0.00856000",
        "qty": "1.17300000",
        "quoteQty": "0.01004088",
        "time": 1711893392968,
        "isBuyerMaker": false,
        "isBestMatch": true
    },
    {
        "id": 238128630,
        "price": "0.00856000",
        "qty": "0.50000000",
        "quoteQty": "0.00428000",
        "time": 1711893392968,
        "isBuyerMaker": false,
        "isBestMatch": true
    },
    {
        "id": 238128631,
        "price": "0.00856000",
        "qty": "0.15000000",
        "quoteQty": "0.00128400",
        "time": 1711893392968,
        "isBuyerMaker": false,
        "isBestMatch": true
    },
    {
        "id": 238128632,
        "price": "0.00856000",
        "qty": "0.40000000",
        "quoteQty": "0.00342400",
        "time": 1711893392968,
        "isBuyerMaker": false,
        "isBestMatch": true
    },
    {
        "id": 238128633,
        "price": "0.00856000",
        "qty": "0.40000000",
        "quoteQty": "0.00342400",
        "time": 1711893392968,
        "isBuyerMaker": false,
        "isBestMatch": true
    },
    {
        "id": 238128634,
        "price": "0.00856000",
        "qty": "1.00000000",
        "quoteQty": "0.00856000",
        "time": 1711893392968,
        "isBuyerMaker": false,
        "isBestMatch": true
    },
    {
        "id": 238128635,
        "price": "0.00856000",
        "qty": "0.50000000",
        "quoteQty": "0.00428000",
        "time": 1711893392968,
        "isBuyerMaker": false,
        "isBestMatch": true
    },
    {
        "id": 238128636,
        "price": "0.00856000",
        "qty": "0.10000000",
        "quoteQty": "0.00085600",
        "time": 1711893392968,
        "isBuyerMaker": false,
        "isBestMatch": true
    },
    {
        "id": 238128637,
        "price": "0.00856100",
        "qty": "1.93500000",
        "quoteQty": "0.01656553",
        "time": 1711893392968,
        "isBuyerMaker": false,
        "isBestMatch": true
    },
    {
        "id": 238128638,
        "price": "0.00856100",
        "qty": "0.72400000",
        "quoteQty": "0.00619816",
        "time": 1711893392968,
        "isBuyerMaker": false,
        "isBestMatch": true
    },
    {
        "id": 238128639,
        "price": "0.00856100",
        "qty": "1.00000000",
        "quoteQty": "0.00856100",
        "time": 1711893392968,
        "isBuyerMaker": false,
        "isBestMatch": true
    },
    {
        "id": 238128640,
        "price": "0.00856100",
        "qty": "0.10000000",
        "quoteQty": "0.00085610",
        "time": 1711893392968,
        "isBuyerMaker": false,
        "isBestMatch": true
    },
    {
        "id": 238128641,
        "price": "0.00856100",
        "qty": "0.50000000",
        "quoteQty": "0.00428050",
        "time": 1711893392968,
        "isBuyerMaker": false,
        "isBestMatch": true
    },
    {
        "id": 238128642,
        "price": "0.00856100",
        "qty": "0.15000000",
        "quoteQty": "0.00128415",
        "time": 1711893392968,
        "isBuyerMaker": false,
        "isBestMatch": true
    },
    {
        "id": 238128643,
        "price": "0.00856100",
        "qty": "0.40000000",
        "quoteQty": "0.00342440",
        "time": 1711893392968,
        "isBuyerMaker": false,
        "isBestMatch": true
    },
    {
        "id": 238128644,
        "price": "0.00856100",
        "qty": "0.40000000",
        "quoteQty": "0.00342440",
        "time": 1711893392968,
        "isBuyerMaker": false,
        "isBestMatch": true
    },
    {
        "id": 238128645,
        "price": "0.00856100",
        "qty": "0.50000000",
        "quoteQty": "0.00428050",
        "time": 1711893392968,
        "isBuyerMaker": false,
        "isBestMatch": true
    },
    {
        "id": 238128646,
        "price": "0.00856100",
        "qty": "2.26600000",
        "quoteQty": "0.01939922",
        "time": 1711893392968,
        "isBuyerMaker": false,
        "isBestMatch": true
    },
    {
        "id": 238128647,
        "price": "0.00856200",
        "qty": "0.40000000",
        "quoteQty": "0.00342480",
        "time": 1711893392968,
        "isBuyerMaker": false,
        "isBestMatch": true
    },
    {
        "id": 238128648,
        "price": "0.00856200",
        "qty": "1.00000000",
        "quoteQty": "0.00856200",
        "time": 1711893392968,
        "isBuyerMaker": false,
        "isBestMatch": true
    },
    {
        "id": 238128649,
        "price": "0.00856200",
        "qty": "1.81800000",
        "quoteQty": "0.01556571",
        "time": 1711893392968,
        "isBuyerMaker": false,
        "isBestMatch": true
    },
    {
        "id": 238128650,
        "price": "0.00856200",
        "qty": "0.06100000",
        "quoteQty": "0.00052228",
        "time": 1711893392968,
        "isBuyerMaker": false,
        "isBestMatch": true
    },
    {
        "id": 238128651,
        "price": "0.00855900",
        "qty": "1.17300000",
        "quoteQty": "0.01003970",
        "time": 1711893392973,
        "isBuyerMaker": true,
        "isBestMatch": true
    },
    {
        "id": 238128652,
        "price": "0.00855900",
        "qty": "0.00100000",
        "quoteQty": "0.00000855",
        "time": 1711893392974,
        "isBuyerMaker": true,
        "isBestMatch": true
    },
    {
        "id": 238128653,
        "price": "0.00855900",
        "qty": "0.87000000",
        "quoteQty": "0.00744633",
        "time": 1711893392974,
        "isBuyerMaker": true,
        "isBestMatch": true
    },
    {
        "id": 238128654,
        "price": "0.00855800",
        "qty": "0.30300000",
        "quoteQty": "0.00259307",
        "time": 1711893392974,
        "isBuyerMaker": true,
        "isBestMatch": true
    },
    {
        "id": 238128655,
        "price": "0.00856000",
        "qty": "0.87100000",
        "quoteQty": "0.00745576",
        "time": 1711893392974,
        "isBuyerMaker": true,
        "isBestMatch": true
    },
    {
        "id": 238128656,
        "price": "0.00855900",
        "qty": "0.01400000",
        "quoteQty": "0.00011982",
        "time": 1711893392976,
        "isBuyerMaker": true,
        "isBestMatch": true
    },
    {
        "id": 238128657,
        "price": "0.00855900",
        "qty": "0.87000000",
        "quoteQty": "0.00744633",
        "time": 1711893392977,
        "isBuyerMaker": true,
        "isBestMatch": true
    },
    {
        "id": 238128658,
        "price": "0.00855900",
        "qty": "1.03100000",
        "quoteQty": "0.00882432",
        "time": 1711893392979,
        "isBuyerMaker": true,
        "isBestMatch": true
    },
    {
        "id": 238128659,
        "price": "0.00855900",
        "qty": "0.12900000",
        "quoteQty": "0.00110411",
        "time": 1711893392979,
        "isBuyerMaker": true,
        "isBestMatch": true
    },
    {
        "id": 238128660,
        "price": "0.00855900",
        "qty": "1.32000000",
        "quoteQty": "0.01129788",
        "time": 1711893392980,
        "isBuyerMaker": true,
        "isBestMatch": true
    },
    {
        "id": 238128661,
        "price": "0.00855900",
        "qty": "0.45700000",
        "quoteQty": "0.00391146",
        "time": 1711893392982,
        "isBuyerMaker": true,
        "isBestMatch": true
    },
    {
        "id": 238128662,
        "price": "0.00855900",
        "qty": "1.67000000",
        "quoteQty": "0.01429353",
        "time": 1711893392986,
        "isBuyerMaker": true,
        "isBestMatch": true
    },
    {
        "id": 238128663,
        "price": "0.00855900",
        "qty": "0.46100000",
        "quoteQty": "0.00394569",
        "time": 1711893392986,
        "isBuyerMaker": true,
        "isBestMatch": true
    },
    {
        "id": 238128664,
        "price": "0.00855800",
        "qty": "0.08000000",
        "quoteQty": "0.00068464",
        "time": 1711893392986,
        "isBuyerMaker": true,
        "isBestMatch": true
    },
    {
        "id": 238128665,
        "price": "0.00855800",
        "qty": "0.22000000",
        "quoteQty": "0.00188276",
        "time": 1711893393005,
        "isBuyerMaker": true,
        "isBestMatch": true
    },
    {
        "id": 238128666,
        "price": "0.00855800",
        "qty": "0.12600000",
        "quoteQty": "0.00107830",
        "time": 1711893393089,
        "isBuyerMaker": true,
        "isBestMatch": true
    },
    {
        "id": 238128667,
        "price": "0.00855800",
        "qty": "0.26500000",
        "quoteQty": "0.00226787",
        "time": 1711893393179,
        "isBuyerMaker": true,
        "isBestMatch": true
    },
    {
        "id": 238128668,
        "price": "0.00855800",
        "qty": "0.90900000",
        "quoteQty": "0.00777922",
        "time": 1711893393182,
        "isBuyerMaker": true,
        "isBestMatch": true
    },
    {
        "id": 238128669,
        "price": "0.00855700",
        "qty": "0.61200000",
        "quoteQty": "0.00523688",
        "time": 1711893393182,
        "isBuyerMaker": true,
        "isBestMatch": true
    },
    {
        "id": 238128670,
        "price": "0.00855700",
        "qty": "0.05000000",
        "quoteQty": "0.00042785",
        "time": 1711893401989,
        "isBuyerMaker": true,
        "isBestMatch": true
    },
    {
        "id": 238128671,
        "price": "0.00855700",
        "qty": "2.21700000",
        "quoteQty": "0.01897086",
        "time": 1711893404691,
        "isBuyerMaker": true,
        "isBestMatch": true
    },
    {
        "id": 238128672,
        "price": "0.00855700",
        "qty": "1.17300000",
        "quoteQty": "0.01003736",
        "time": 1711893404691,
        "isBuyerMaker": true,
        "isBestMatch": true
    },
    {
        "id": 238128673,
        "price": "0.00855700",
        "qty": "0.49500000",
        "quoteQty": "0.00423571",
        "time": 1711893404691,
        "isBuyerMaker": true,
        "isBestMatch": true
    },
    {
        "id": 238128674,
        "price": "0.00855600",
        "qty": "1.17400000",
        "quoteQty": "0.01004474",
        "time": 1711893404691,
        "isBuyerMaker": true,
        "isBestMatch": true
    },
    {
        "id": 238128675,
        "price": "0.00855600",
        "qty": "1.08500000",
        "quoteQty": "0.00928326",
        "time": 1711893404691,
        "isBuyerMaker": true,
        "isBestMatch": true
    },
    {
        "id": 238128676,
        "price": "0.00855600",
        "qty": "0.29500000",
        "quoteQty": "0.00252402",
        "time": 1711893404691,
        "isBuyerMaker": true,
        "isBestMatch": true
    },
    {
        "id": 238128677,
        "price": "0.00855700",
        "qty": "0.24900000",
        "quoteQty": "0.00213069",
        "time": 1711893420635,
        "isBuyerMaker": false,
        "isBestMatch": true
    },
    {
        "id": 238128678,
        "price": "0.00855700",
        "qty": "1.33300000",
        "quoteQty": "0.01140648",
        "time": 1711893420635,
        "isBuyerMaker": false,
        "isBestMatch": true
    },
    {
        "id": 238128679,
        "price": "0.00855600",
        "qty": "0.39400000",
        "quoteQty": "0.00337106",
        "time": 1711893431410,
        "isBuyerMaker": true,
        "isBestMatch": true
    },
    {
        "id": 238128680,
        "price": "0.00855600",
        "qty": "2.10300000",
        "quoteQty": "0.01799326",
        "time": 1711893431410,
        "isBuyerMaker": true,
        "isBestMatch": true
    },
    {
        "id": 238128681,
        "price": "0.00855600",
        "qty": "0.64200000",
        "quoteQty": "0.00549295",
        "time": 1711893431410,
        "isBuyerMaker": true,
        "isBestMatch": true
    },
    {
        "id": 238128682,
        "price": "0.00855600",
        "qty": "0.06400000",
        "quoteQty": "0.00054758",
        "time": 1711893436601,
        "isBuyerMaker": true,
        "isBestMatch": true
    },
    {
        "id": 238128683,
        "price": "0.00855700",
        "qty": "0.19700000",
        "quoteQty": "0.00168572",
        "time": 1711893439998,
        "isBuyerMaker": false,
        "isBestMatch": true
    },
    {
        "id": 238128684,
        "price": "0.00855600",
        "qty": "0.08000000",
        "quoteQty": "0.00068448",
        "time": 1711893443783,
        "isBuyerMaker": false,
        "isBestMatch": true
    },
    {
        "id": 238128685,
        "price": "0.00855500",
        "qty": "0.23400000",
        "quoteQty": "0.00200187",
        "time": 1711893452345,
        "isBuyerMaker": true,
        "isBestMatch": true
    },
    {
        "id": 238128686,
        "price": "0.00855500",
        "qty": "0.14500000",
        "quoteQty": "0.00124047",
        "time": 1711893453025,
        "isBuyerMaker": true,
        "isBestMatch": true
    },
    {
        "id": 238128687,
        "price": "0.00855500",
        "qty": "1.17400000",
        "quoteQty": "0.01004357",
        "time": 1711893477635,
        "isBuyerMaker": true,
        "isBestMatch": true
    },
    {
        "id": 238128688,
        "price": "0.00855500",
        "qty": "0.68400000",
        "quoteQty": "0.00585162",
        "time": 1711893477635,
        "isBuyerMaker": true,
        "isBestMatch": true
    },
    {
        "id": 238128689,
        "price": "0.00855500",
        "qty": "0.36400000",
        "quoteQty": "0.00311402",
        "time": 1711893477635,
        "isBuyerMaker": true,
        "isBestMatch": true
    },
    {
        "id": 238128690,
        "price": "0.00855500",
        "qty": "0.72500000",
        "quoteQty": "0.00620237",
        "time": 1711893477635,
        "isBuyerMaker": true,
        "isBestMatch": true
    },
    {
        "id": 238128691,
        "price": "0.00855400",
        "qty": "1.17400000",
        "quoteQty": "0.01004239",
        "time": 1711893477635,
        "isBuyerMaker": true,
        "isBestMatch": true
    },
    {
        "id": 238128692,
        "price": "0.00855400",
        "qty": "0.36800000",
        "quoteQty": "0.00314787",
        "time": 1711893477635,
        "isBuyerMaker": true,
        "isBestMatch": true
    },
    {
        "id": 238128693,
        "price": "0.00855400",
        "qty": "1.66200000",
        "quoteQty": "0.01421674",
        "time": 1711893477635,
        "isBuyerMaker": true,
        "isBestMatch": true
    },
    {
        "id": 238128694,
        "price": "0.00855400",
        "qty": "0.37000000",
        "quoteQty": "0.00316498",
        "time": 1711893477635,
        "isBuyerMaker": true,
        "isBestMatch": true
    },
    {
        "id": 238128695,
        "price": "0.00855400",
        "qty": "2.31200000",
        "quoteQty": "0.01977684",
        "time": 1711893477635,
        "isBuyerMaker": true,
        "isBestMatch": true
    },
    {
        "id": 238128696,
        "price": "0.00855300",
        "qty": "0.00200000",
        "quoteQty": "0.00001710",
        "time": 1711893477635,
        "isBuyerMaker": true,
        "isBestMatch": true
    },
    {
        "id": 238128697,
        "price": "0.00855400",
        "qty": "0.01800000",
        "quoteQty": "0.00015397",
        "time": 1711893484139,
        "isBuyerMaker": false,
        "isBestMatch": true
    },
    {
        "id": 238128698,
        "price": "0.00855400",
        "qty": "0.16800000",
        "quoteQty": "0.00143707",
        "time": 1711893486145,
        "isBuyerMaker": false,
        "isBestMatch": true
    },
    {
        "id": 238128699,
        "price": "0.00855400",
        "qty": "1.69500000",
        "quoteQty": "0.01449903",
        "time": 1711893492965,
        "isBuyerMaker": false,
        "isBestMatch": true
    },
    {
        "id": 238128700,
        "price": "0.00855300",
        "qty": "0.04000000",
        "quoteQty": "0.00034212",
        "time": 1711893497871,
        "isBuyerMaker": true,
        "isBestMatch": true
    },
    {
        "id": 238128701,
        "price": "0.00855400",
        "qty": "0.11700000",
        "quoteQty": "0.00100081",
        "time": 1711893501803,
        "isBuyerMaker": false,
        "isBestMatch": true
    },
    {
        "id": 238128702,
        "price": "0.00855300",
        "qty": "0.02100000",
        "quoteQty": "0.00017961",
        "time": 1711893505211,
        "isBuyerMaker": true,
        "isBestMatch": true
    },
    {
        "id": 238128703,
        "price": "0.00855300",
        "qty": "0.40000000",
        "quoteQty": "0.00342120",
        "time": 1711893505211,
        "isBuyerMaker": true,
        "isBestMatch": true
    },
    {
        "id": 238128704,
        "price": "0.00855300",
        "qty": "0.14700000",
        "quoteQty": "0.00125729",
        "time": 1711893505211,
        "isBuyerMaker": true,
        "isBestMatch": true
    },
    {
        "id": 238128705,
        "price": "0.00855400",
        "qty": "0.32600000",
        "quoteQty": "0.00278860",
        "time": 1711893506611,
        "isBuyerMaker": false,
        "isBestMatch": true
    },
    {
        "id": 238128706,
        "price": "0.00855400",
        "qty": "1.17400000",
        "quoteQty": "0.01004239",
        "time": 1711893506611,
        "isBuyerMaker": false,
        "isBestMatch": true
    },
    {
        "id": 238128707,
        "price": "0.00855500",
        "qty": "1.17400000",
        "quoteQty": "0.01004357",
        "time": 1711893506611,
        "isBuyerMaker": false,
        "isBestMatch": true
    },
    {
        "id": 238128708,
        "price": "0.00855500",
        "qty": "3.16900000",
        "quoteQty": "0.02711079",
        "time": 1711893506611,
        "isBuyerMaker": false,
        "isBestMatch": true
    },
    {
        "id": 238128709,
        "price": "0.00855400",
        "qty": "2.18100000",
        "quoteQty": "0.01865627",
        "time": 1711893517591,
        "isBuyerMaker": true,
        "isBestMatch": true
    },
    {
        "id": 238128710,
        "price": "0.00855400",
        "qty": "1.17400000",
        "quoteQty": "0.01004239",
        "time": 1711893517591,
        "isBuyerMaker": true,
        "isBestMatch": true
    },
    {
        "id": 238128711,
        "price": "0.00855400",
        "qty": "0.58300000",
        "quoteQty": "0.00498698",
        "time": 1711893517591,
        "isBuyerMaker": true,
        "isBestMatch": true
    },
    {
        "id": 238128712,
        "price": "0.00855400",
        "qty": "0.52100000",
        "quoteQty": "0.00445663",
        "time": 1711893517591,
        "isBuyerMaker": true,
        "isBestMatch": true
    },
    {
        "id": 238128713,
        "price": "0.00855400",
        "qty": "0.61700000",
        "quoteQty": "0.00527781",
        "time": 1711893517591,
        "isBuyerMaker": true,
        "isBestMatch": true
    },
    {
        "id": 238128714,
        "price": "0.00855300",
        "qty": "0.85400000",
        "quoteQty": "0.00730426",
        "time": 1711893517591,
        "isBuyerMaker": true,
        "isBestMatch": true
    },
    {
        "id": 238128715,
        "price": "0.00855300",
        "qty": "2.75400000",
        "quoteQty": "0.02355496",
        "time": 1711893517591,
        "isBuyerMaker": true,
        "isBestMatch": true
    },
    {
        "id": 238128716,
        "price": "0.00855300",
        "qty": "0.89200000",
        "quoteQty": "0.00762927",
        "time": 1711893517591,
        "isBuyerMaker": true,
        "isBestMatch": true
    },
    {
        "id": 238128717,
        "price": "0.00855300",
        "qty": "0.45700000",
        "quoteQty": "0.00390872",
        "time": 1711893518620,
        "isBuyerMaker": true,
        "isBestMatch": true
    },
    {
        "id": 238128718,
        "price": "0.00855300",
        "qty": "1.17400000",
        "quoteQty": "0.01004122",
        "time": 1711893518620,
        "isBuyerMaker": true,
        "isBestMatch": true
    },
    {
        "id": 238128719,
        "price": "0.00855300",
        "qty": "1.10600000",
        "quoteQty": "0.00945961",
        "time": 1711893518620,
        "isBuyerMaker": true,
        "isBestMatch": true
    },
    {
        "id": 238128720,
        "price": "0.00855300",
        "qty": "1.55900000",
        "quoteQty": "0.01333412",
        "time": 1711893518620,
        "isBuyerMaker": true,
        "isBestMatch": true
    },
    {
        "id": 238128721,
        "price": "0.00855300",
        "qty": "2.59100000",
        "quoteQty": "0.02216082",
        "time": 1711893518620,
        "isBuyerMaker": true,
        "isBestMatch": true
    },
    {
        "id": 238128722,
        "price": "0.00855400",
        "qty": "0.03300000",
        "quoteQty": "0.00028228",
        "time": 1711893530804,
        "isBuyerMaker": false,
        "isBestMatch": true
    },
    {
        "id": 238128723,
        "price": "0.00855300",
        "qty": "1.17400000",
        "quoteQty": "0.01004122",
        "time": 1711893536290,
        "isBuyerMaker": false,
        "isBestMatch": true
    },
    {
        "id": 238128724,
        "price": "0.00855300",
        "qty": "1.26200000",
        "quoteQty": "0.01079388",
        "time": 1711893536290,
        "isBuyerMaker": false,
        "isBestMatch": true
    },
    {
        "id": 238128725,
        "price": "0.00855300",
        "qty": "0.69800000",
        "quoteQty": "0.00596999",
        "time": 1711893542602,
        "isBuyerMaker": false,
        "isBestMatch": true
    },
    {
        "id": 238128726,
        "price": "0.00855300",
        "qty": "2.20600000",
        "quoteQty": "0.01886791",
        "time": 1711893542602,
        "isBuyerMaker": false,
        "isBestMatch": true
    },
    {
        "id": 238128727,
        "price": "0.00855300",
        "qty": "1.35000000",
        "quoteQty": "0.01154655",
        "time": 1711893542602,
        "isBuyerMaker": false,
        "isBestMatch": true
    },
    {
        "id": 238128728,
        "price": "0.00855400",
        "qty": "0.16200000",
        "quoteQty": "0.00138574",
        "time": 1711893542602,
        "isBuyerMaker": false,
        "isBestMatch": true
    },
    {
        "id": 238128729,
        "price": "0.00855400",
        "qty": "0.97900000",
        "quoteQty": "0.00837436",
        "time": 1711893542602,
        "isBuyerMaker": false,
        "isBestMatch": true
    },
    {
        "id": 238128730,
        "price": "0.00855400",
        "qty": "1.34900000",
        "quoteQty": "0.01153934",
        "time": 1711893542602,
        "isBuyerMaker": false,
        "isBestMatch": true
    },
    {
        "id": 238128731,
        "price": "0.00855400",
        "qty": "1.95000000",
        "quoteQty": "0.01668030",
        "time": 1711893542602,
        "isBuyerMaker": false,
        "isBestMatch": true
    },
    {
        "id": 238128732,
        "price": "0.00855400",
        "qty": "2.31100000",
        "quoteQty": "0.01976829",
        "time": 1711893542602,
        "isBuyerMaker": false,
        "isBestMatch": true
    },
    {
        "id": 238128733,
        "price": "0.00855500",
        "qty": "1.47200000",
        "quoteQty": "0.01259296",
        "time": 1711893542602,
        "isBuyerMaker": false,
        "isBestMatch": true
    },
    {
        "id": 238128734,
        "price": "0.00855500",
        "qty": "1.17400000",
        "quoteQty": "0.01004357",
        "time": 1711893542602,
        "isBuyerMaker": false,
        "isBestMatch": true
    },
    {
        "id": 238128735,
        "price": "0.00855500",
        "qty": "2.30000000",
        "quoteQty": "0.01967650",
        "time": 1711893542602,
        "isBuyerMaker": false,
        "isBestMatch": true
    },
    {
        "id": 238128736,
        "price": "0.00855600",
        "qty": "0.23400000",
        "quoteQty": "0.00200210",
        "time": 1711893542602,
        "isBuyerMaker": false,
        "isBestMatch": true
    },
    {
        "id": 238128737,
        "price": "0.00855600",
        "qty": "0.14500000",
        "quoteQty": "0.00124062",
        "time": 1711893542602,
        "isBuyerMaker": false,
        "isBestMatch": true
    },
    {
        "id": 238128738,
        "price": "0.00855600",
        "qty": "0.79500000",
        "quoteQty": "0.00680202",
        "time": 1711893542602,
        "isBuyerMaker": false,
        "isBestMatch": true
    },
    {
        "id": 238128739,
        "price": "0.00855600",
        "qty": "4.64600000",
        "quoteQty": "0.03975117",
        "time": 1711893542602,
        "isBuyerMaker": false,
        "isBestMatch": true
    },
    {
        "id": 238128740,
        "price": "0.00855700",
        "qty": "4.72000000",
        "quoteQty": "0.04038904",
        "time": 1711893542602,
        "isBuyerMaker": false,
        "isBestMatch": true
    },
    {
        "id": 238128741,
        "price": "0.00855700",
        "qty": "1.34900000",
        "quoteQty": "0.01154339",
        "time": 1711893542602,
        "isBuyerMaker": false,
        "isBestMatch": true
    },
    {
        "id": 238128742,
        "price": "0.00855700",
        "qty": "1.67600000",
        "quoteQty": "0.01434153",
        "time": 1711893542602,
        "isBuyerMaker": false,
        "isBestMatch": true
    },
    {
        "id": 238128743,
        "price": "0.00855700",
        "qty": "3.94700000",
        "quoteQty": "0.03377447",
        "time": 1711893542602,
        "isBuyerMaker": false,
        "isBestMatch": true
    },
    {
        "id": 238128744,
        "price": "0.00855800",
        "qty": "1.34900000",
        "quoteQty": "0.01154474",
        "time": 1711893542602,
        "isBuyerMaker": false,
        "isBestMatch": true
    },
    {
        "id": 238128745,
        "price": "0.00855800",
        "qty": "1.17400000",
        "quoteQty": "0.01004709",
        "time": 1711893542602,
        "isBuyerMaker": false,
        "isBestMatch": true
    },
    {
        "id": 238128746,
        "price": "0.00855800",
        "qty": "2.02800000",
        "quoteQty": "0.01735562",
        "time": 1711893542602,
        "isBuyerMaker": false,
        "isBestMatch": true
    },
    {
        "id": 238128747,
        "price": "0.00855900",
        "qty": "0.24700000",
        "quoteQty": "0.00211407",
        "time": 1711893542602,
        "isBuyerMaker": false,
        "isBestMatch": true
    },
    {
        "id": 238128748,
        "price": "0.00855900",
        "qty": "0.92700000",
        "quoteQty": "0.00793419",
        "time": 1711893542602,
        "isBuyerMaker": false,
        "isBestMatch": true
    },
    {
        "id": 238128749,
        "price": "0.00855900",
        "qty": "0.18300000",
        "quoteQty": "0.00156629",
        "time": 1711893542602,
        "isBuyerMaker": false,
        "isBestMatch": true
    },
    {
        "id": 238128750,
        "price": "0.00855900",
        "qty": "0.53900000",
        "quoteQty": "0.00461330",
        "time": 1711893542602,
        "isBuyerMaker": false,
        "isBestMatch": true
    },
    {
        "id": 238128751,
        "price": "0.00855900",
        "qty": "3.34700000",
        "quoteQty": "0.02864697",
        "time": 1711893542602,
        "isBuyerMaker": false,
        "isBestMatch": true
    },
    {
        "id": 238128752,
        "price": "0.00855900",
        "qty": "1.37600000",
        "quoteQty": "0.01177718",
        "time": 1711893542602,
        "isBuyerMaker": false,
        "isBestMatch": true
    },
    {
        "id": 238128753,
        "price": "0.00856000",
        "qty": "0.24700000",
        "quoteQty": "0.00211432",
        "time": 1711893542602,
        "isBuyerMaker": false,
        "isBestMatch": true
    },
    {
        "id": 238128754,
        "price": "0.00856000",
        "qty": "0.18300000",
        "quoteQty": "0.00156648",
        "time": 1711893542602,
        "isBuyerMaker": false,
        "isBestMatch": true
    },
    {
        "id": 238128755,
        "price": "0.00856000",
        "qty": "0.92700000",
        "quoteQty": "0.00793512",
        "time": 1711893542602,
        "isBuyerMaker": false,
        "isBestMatch": true
    },
    {
        "id": 238128756,
        "price": "0.00856000",
        "qty": "1.76700000",
        "quoteQty": "0.01512552",
        "time": 1711893542602,
        "isBuyerMaker": false,
        "isBestMatch": true
    },
    {
        "id": 238128757,
        "price": "0.00856000",
        "qty": "0.63400000",
        "quoteQty": "0.00542704",
        "time": 1711893542602,
        "isBuyerMaker": false,
        "isBestMatch": true
    },
    {
        "id": 238128758,
        "price": "0.00856000",
        "qty": "1.96800000",
        "quoteQty": "0.01684608",
        "time": 1711893542604,
        "isBuyerMaker": true,
        "isBestMatch": true
    },
    {
        "id": 238128759,
        "price": "0.00856000",
        "qty": "1.01100000",
        "quoteQty": "0.00865416",
        "time": 1711893542604,
        "isBuyerMaker": true,
        "isBestMatch": true
    },
    {
        "id": 238128760,
        "price": "0.00856000",
        "qty": "1.01100000",
        "quoteQty": "0.00865416",
        "time": 1711893542605,
        "isBuyerMaker": true,
        "isBestMatch": true
    },
    {
        "id": 238128761,
        "price": "0.00856000",
        "qty": "1.01100000",
        "quoteQty": "0.00865416",
        "time": 1711893542605,
        "isBuyerMaker": true,
        "isBestMatch": true
    },
    {
        "id": 238128762,
        "price": "0.00855900",
        "qty": "0.01400000",
        "quoteQty": "0.00011982",
        "time": 1711893542606,
        "isBuyerMaker": true,
        "isBestMatch": true
    },
    {
        "id": 238128763,
        "price": "0.00855900",
        "qty": "0.01300000",
        "quoteQty": "0.00011126",
        "time": 1711893542606,
        "isBuyerMaker": true,
        "isBestMatch": true
    },
    {
        "id": 238128764,
        "price": "0.00855900",
        "qty": "1.14700000",
        "quoteQty": "0.00981717",
        "time": 1711893542606,
        "isBuyerMaker": true,
        "isBestMatch": true
    },
    {
        "id": 238128765,
        "price": "0.00855800",
        "qty": "0.40300000",
        "quoteQty": "0.00344887",
        "time": 1711893542606,
        "isBuyerMaker": true,
        "isBestMatch": true
    },
    {
        "id": 238128766,
        "price": "0.00855800",
        "qty": "0.61900000",
        "quoteQty": "0.00529740",
        "time": 1711893542607,
        "isBuyerMaker": true,
        "isBestMatch": true
    },
    {
        "id": 238128767,
        "price": "0.00855800",
        "qty": "0.15200000",
        "quoteQty": "0.00130081",
        "time": 1711893542609,
        "isBuyerMaker": true,
        "isBestMatch": true
    },
    {
        "id": 238128768,
        "price": "0.00855800",
        "qty": "0.28300000",
        "quoteQty": "0.00242191",
        "time": 1711893542609,
        "isBuyerMaker": true,
        "isBestMatch": true
    },
    {
        "id": 238128769,
        "price": "0.00855800",
        "qty": "0.12000000",
        "quoteQty": "0.00102696",
        "time": 1711893542609,
        "isBuyerMaker": true,
        "isBestMatch": true
    },
    {
        "id": 238128770,
        "price": "0.00855800",
        "qty": "0.61900000",
        "quoteQty": "0.00529740",
        "time": 1711893542611,
        "isBuyerMaker": true,
        "isBestMatch": true
    },
    {
        "id": 238128771,
        "price": "0.00855700",
        "qty": "0.95800000",
        "quoteQty": "0.00819760",
        "time": 1711893542611,
        "isBuyerMaker": true,
        "isBestMatch": true
    },
    {
        "id": 238128772,
        "price": "0.00855700",
        "qty": "0.21600000",
        "quoteQty": "0.00184831",
        "time": 1711893542611,
        "isBuyerMaker": true,
        "isBestMatch": true
    },
    {
        "id": 238128773,
        "price": "0.00855800",
        "qty": "0.15200000",
        "quoteQty": "0.00130081",
        "time": 1711893542611,
        "isBuyerMaker": true,
        "isBestMatch": true
    },
    {
        "id": 238128774,
        "price": "0.00855800",
        "qty": "0.15200000",
        "quoteQty": "0.00130081",
        "time": 1711893542611,
        "isBuyerMaker": true,
        "isBestMatch": true
    },
    {
        "id": 238128775,
        "price": "0.00855800",
        "qty": "0.40300000",
        "quoteQty": "0.00344887",
        "time": 1711893542613,
        "isBuyerMaker": true,
        "isBestMatch": true
    },
    {
        "id": 238128776,
        "price": "0.00855600",
        "qty": "1.17400000",
        "quoteQty": "0.01004474",
        "time": 1711893542681,
        "isBuyerMaker": true,
        "isBestMatch": true
    },
    {
        "id": 238128777,
        "price": "0.00855600",
        "qty": "0.58700000",
        "quoteQty": "0.00502237",
        "time": 1711893542681,
